<collection xmlns="http://www.loc.gov/MARC21/slim">
<record>
  <leader>01451ncm0a22002531i 450 </leader>
  <controlfield tag="001">IT\ICCU\CNCE\050429</controlfield>
  <controlfield tag="005">20110517000000.0</controlfield>
  <datafield tag="100" ind1=" " ind2=" ">
    <subfield code="a">20000119d1599        0itac0103    ba</subfield>
  </datafield>
  <datafield tag="101" ind1=" " ind2=" ">
    <subfield code="a">ITA</subfield>
  </datafield>
  <datafield tag="102" ind1=" " ind2=" ">
    <subfield code="a">IT</subfield>
  </datafield>
  <datafield tag="200" ind1="1" ind2=" ">
    <subfield code="a">℗Di Giouanni de Maque Il ℗quarto libro de madrigali  ̉cinque voci, nouamente da lui composti, e dati in luce</subfield>
  </datafield>
  <datafield tag="210" ind1=" " ind2=" ">
    <subfield code="a">In Napoli</subfield>
    <subfield code="c">per Gio. Iacomo Carlino</subfield>
    <subfield code="d">&amp; Antonio Pace</subfield>
    <subfield code="c">ad instanza di Scipione Riccio libraro</subfield>
    <subfield code="d">al segno del Giesu</subfield>
    <subfield code="d">1599</subfield>
    <subfield code="e">In Napoli</subfield>
    <subfield code="g">appresso Gio. Giacomo Carlino</subfield>
    <subfield code="h">et Antonio Pace</subfield>
  </datafield>
  <datafield tag="215" ind1=" " ind2=" ">
    <subfield code="a">21, \1! p.</subfield>
    <subfield code="d">4ʻ</subfield>
  </datafield>
  <datafield tag="620" ind1=" " ind2=" ">
    <subfield code="a">IT</subfield>
    <subfield code="d">Napoli</subfield>
  </datafield>
  <datafield tag="700" ind1=" " ind2="1">
    <subfield code="a">Macque,</subfield>
    <subfield code="b">Jean : de</subfield>
    <subfield code="3">IT\ICCU\CNCA\011624</subfield>
  </datafield>
  <datafield tag="712" ind1="0" ind2="0">
    <subfield code="a">Carlino, Giovanni Giacomo &amp; Pace, Antonio</subfield>
    <subfield code="3">IT\ICCU\CNCT\000320</subfield>
    <subfield code="4">650</subfield>
  </datafield>
  <datafield tag="712" ind1="0" ind2="0">
    <subfield code="a">Riccio, Scipione</subfield>
    <subfield code="3">IT\ICCU\CNCT\000696</subfield>
    <subfield code="4">650</subfield>
  </datafield>
  <datafield tag="790" ind1=" " ind2="1">
    <subfield code="a">Macque,</subfield>
    <subfield code="b">Giovanni : de</subfield>
    <subfield code="3">IT\ICCU\CNCA\021520</subfield>
    <subfield code="z">Macque, Jean : de</subfield>
  </datafield>
  <datafield tag="791" ind1="0" ind2="0">
    <subfield code="a">Riccus, Scipio</subfield>
    <subfield code="3">IT\ICCU\CNCT\002558</subfield>
    <subfield code="z">Riccio, Scipione</subfield>
  </datafield>
  <datafield tag="791" ind1="0" ind2="0">
    <subfield code="a">Ricius, Scipio</subfield>
    <subfield code="3">IT\ICCU\CNCT\005378</subfield>
    <subfield code="z">Riccio, Scipione</subfield>
  </datafield>
  <datafield tag="801" ind1=" " ind2="3">
    <subfield code="a">IT</subfield>
    <subfield code="b">ICCU</subfield>
    <subfield code="c">20201115</subfield>
  </datafield>
  <datafield tag="899" ind1=" " ind2=" ">
    <subfield code="a">Biblioteca del Conservatorio di musica S. Pietro a Majella. Napoli</subfield>
    <subfield code="1">NA0059</subfield>
    <subfield code="2">NAP CN</subfield>
  </datafield>
  <datafield tag="911" ind1=" " ind2=" ">
    <subfield code="a">Sul front.</subfield>
    <subfield code="9">IT\ICCU\CNCM\000617</subfield>
  </datafield>
  <datafield tag="921" ind1=" " ind2=" ">
    <subfield code="a">IT\ICCU\CNCM\000617</subfield>
    <subfield code="b">Mani, uscenti da nubi, che si stringono tenendo rami di palma e di olivo. In basso due rocce sorgono da un mare in tempesta. In cornice figurata</subfield>
    <subfield code="e">Conantia frangere frangunt</subfield>
    <subfield code="c">V126</subfield>
    <subfield code="c">Z528</subfield>
    <subfield code="d">Dimensioni: 6,5 x 7,7</subfield>
    <subfield code="f">CONANTIAFR</subfield>
    <subfield code="f">MANI</subfield>
    <subfield code="f">OLIVO</subfield>
    <subfield code="f">PALMA</subfield>
    <subfield code="f">ROCCE</subfield>
    <subfield code="g">1592-1599</subfield>
  </datafield>
</record>
</collection>
